<record><leader>00000cas a2200000 a 4500</leader><controlfield tag="001">8919738</controlfield><controlfield tag="007">hd afb022baua</controlfield><controlfield tag="008">821103d19171930dcudn nea     0   a0eng c</controlfield><datafield ind1=" " ind2=" " tag="010"><subfield code="a">sc 82003668 </subfield></datafield><datafield ind1=" " ind2=" " tag="040"><subfield code="a">HUL</subfield><subfield code="b">eng</subfield><subfield code="c">HUL</subfield><subfield code="d">DLC</subfield><subfield code="d">NST</subfield><subfield code="d">WAU</subfield><subfield code="d">OCLCQ</subfield></datafield><datafield ind1=" " ind2=" " tag="012"><subfield code="a">2</subfield><subfield code="i">8906</subfield></datafield><datafield ind1=" " ind2=" " tag="042"><subfield code="a">pcc</subfield></datafield><datafield ind1="0" ind2="4" tag="245"><subfield code="a">The Peking leader.</subfield></datafield><datafield ind1="1" ind2="3" tag="246"><subfield code="a">Pei-ching tao-pao</subfield></datafield><datafield ind1=" " ind2=" " tag="260"><subfield code="a">Peking :</subfield><subfield code="b">[The Peking Leader]</subfield></datafield><datafield ind1=" " ind2=" " tag="300"><subfield code="a">volumes :</subfield><subfield code="b">illustrations</subfield></datafield><datafield ind1=" " ind2=" " tag="310"><subfield code="a">Daily (except Mondays and days following holidays)</subfield></datafield><datafield ind1=" " ind2=" " tag="336"><subfield code="a">text</subfield><subfield code="b">txt</subfield><subfield code="2">rdacontent</subfield></datafield><datafield ind1=" " ind2=" " tag="337"><subfield code="a">microform</subfield><subfield code="b">h</subfield><subfield code="2">rdamedia</subfield></datafield><datafield ind1=" " ind2=" " tag="338"><subfield code="a">microfilm reel</subfield><subfield code="b">hd</subfield><subfield code="2">rdacarrier</subfield></datafield><datafield ind1="1" ind2=" " tag="362"><subfield code="a">Began in 1917.</subfield><subfield code="z">Cf. Newspapers in microform: foreign countries, 1973-77.</subfield></datafield><datafield ind1=" " ind2=" " tag="588"><subfield code="a">Description based on: Vol. 8, no. 2,344 (Oct. 27th, 1925); title from caption.</subfield></datafield><datafield ind1=" " ind2=" " tag="533"><subfield code="a">Microfilm.</subfield><subfield code="b">Washington, D.C. :</subfield><subfield code="c">Center for Chinese Research Materials, Association of Research Libraries,</subfield><subfield code="d">1982.</subfield><subfield code="e">6 microfilm reels ; 35 mm.</subfield></datafield><datafield ind1=" " ind2=" " tag="752"><subfield code="a">China</subfield><subfield code="d">Beijing.</subfield></datafield><datafield ind1="0" ind2="0" tag="785"><subfield code="t">Leader (Beijing, China)</subfield><subfield code="w">(OCoLC)8921199</subfield><subfield code="g">1930</subfield></datafield><datafield ind1=" " ind2=" " tag="850"><subfield code="a">MH-HY</subfield><subfield code="a">OU</subfield></datafield><datafield ind1="1" ind2=" " tag="029"><subfield code="a">AU@</subfield><subfield code="b">000002767090</subfield></datafield></record>